<record><leader>00000cas a2200000 i 4500</leader><controlfield tag="001">17307678</controlfield><controlfield tag="008">880105d191219uutxusr pe      0    0eng c</controlfield><datafield ind1=" " ind2=" " tag="010"><subfield code="a">sn 88083000 </subfield></datafield><datafield ind1=" " ind2=" " tag="040"><subfield code="a">PPM</subfield><subfield code="b">eng</subfield><subfield code="e">rda</subfield><subfield code="c">PPM</subfield><subfield code="d">OCLCQ</subfield><subfield code="d">NDD</subfield><subfield code="d">OCLCO</subfield></datafield><datafield ind1="1" ind2=" " tag="029"><subfield code="a">AU@</subfield><subfield code="b">000025793204</subfield></datafield><datafield ind1=" " ind2=" " tag="042"><subfield code="a">pcc</subfield></datafield><datafield ind1=" " ind2=" " tag="043"><subfield code="a">n-us-tx</subfield></datafield><datafield ind1="1" ind2="4" tag="050"><subfield code="a">S451.T4</subfield><subfield code="b">F376</subfield></datafield><datafield ind1="0" ind2="0" tag="245"><subfield code="a">Farmers' fireside bulletin.</subfield></datafield><datafield ind1="1" ind2="3" tag="246"><subfield code="a">Farmers Educational and Co-operative Union of Texas bulletin</subfield></datafield><datafield ind1=" " ind2=" " tag="260"><subfield code="a">Arlington, Texas :</subfield><subfield code="b">[Farmers' Fireside Bulletin]</subfield></datafield><datafield ind1=" " ind2=" " tag="300"><subfield code="a">volumes :</subfield><subfield code="b">illustrations ;</subfield><subfield code="c">38-39 cm</subfield></datafield><datafield ind1=" " ind2=" " tag="310"><subfield code="a">Semimonthly, 1st and 15th,</subfield><subfield code="b">&lt;1919-&gt;</subfield></datafield><datafield ind1=" " ind2=" " tag="321"><subfield code="a">Weekly, every Wednesday</subfield></datafield><datafield ind1=" " ind2=" " tag="336"><subfield code="a">text</subfield><subfield code="b">txt</subfield><subfield code="2">rdacontent</subfield></datafield><datafield ind1=" " ind2=" " tag="337"><subfield code="a">unmediated</subfield><subfield code="b">n</subfield><subfield code="2">rdamedia</subfield></datafield><datafield ind1=" " ind2=" " tag="338"><subfield code="a">volume</subfield><subfield code="b">nc</subfield><subfield code="2">rdacarrier</subfield></datafield><datafield ind1="1" ind2=" " tag="362"><subfield code="a">Began in 1912?</subfield></datafield><datafield ind1=" " ind2=" " tag="500"><subfield code="a">"Farmers' Union co-operates with all legitimate business."</subfield></datafield><datafield ind1=" " ind2=" " tag="515"><subfield code="a">Issue numbering restarts each year, &lt;1916&gt;-1918, 1920-&lt;1921&gt;.</subfield></datafield><datafield ind1=" " ind2=" " tag="500"><subfield code="a">"Offical bulletin of the the Farmers' Union"--Masthead.</subfield></datafield><datafield ind1=" " ind2=" " tag="500"><subfield code="a">Editor: William A. Bowen.</subfield></datafield><datafield ind1=" " ind2=" " tag="588"><subfield code="a">Description based on: Volume 5, number 10 (March 15, 1916); title from caption.</subfield></datafield><datafield ind1=" " ind2=" " tag="588"><subfield code="a">Latest issue consulted: Voume 9, number 11 (March 1, 1921).</subfield></datafield><datafield ind1=" " ind2="0" tag="650"><subfield code="a">Agriculture</subfield><subfield code="z">Texas</subfield><subfield code="v">Periodicals.</subfield></datafield><datafield ind1=" " ind2="0" tag="650"><subfield code="a">Agriculture, Cooperative</subfield><subfield code="z">Texas</subfield><subfield code="v">Periodicals.</subfield></datafield><datafield ind1="2" ind2="0" tag="610"><subfield code="a">Farmers Educational and Co-operative Union of Texas</subfield><subfield code="v">Periodicals.</subfield></datafield><datafield ind1="2" ind2=" " tag="710"><subfield code="a">Farmers Educational and Co-operative Union of Texas.</subfield></datafield><datafield ind1=" " ind2=" " tag="752"><subfield code="a">United States</subfield><subfield code="b">Texas</subfield><subfield code="c">Tarrant</subfield><subfield code="d">Arlington.</subfield></datafield></record>